@article{gradientboosting,
    author = {Jerome H. Friedman},
    title = {{Greedy function approximation: A gradient boosting machine.}},
    volume = {29},
    journal = {The Annals of Statistics},
    number = {5},
    publisher = {Institute of Mathematical Statistics},
    pages = {1189 -- 1232},
    keywords = {boosting, decision trees, Function estimation, robust nonparametric regression},
    year = {2001},
    doi = {10.1214/aos/1013203451},
    URL = {https://doi.org/10.1214/aos/1013203451}
}

@inproceedings{kaggle,
title	= {Machine Learning: The High Interest Credit Card of Technical Debt},
author	= {D. Sculley and Gary Holt and Daniel Golovin and Eugene Davydov and Todd Phillips and Dietmar Ebner and Vinay Chaudhary and Michael Young},
year	= {2014},
booktitle	= {SE4ML: Software Engineering for Machine Learning (NIPS 2014 Workshop)}
}

@inproceedings{xgboost,
 author = {Chen, Tianqi and Guestrin, Carlos},
 title = {{XGBoost}: A Scalable Tree Boosting System},
 booktitle = {Proceedings of the 22nd ACM SIGKDD International Conference on Knowledge Discovery and Data Mining},
 series = {KDD '16},
 year = {2016},
 isbn = {978-1-4503-4232-2},
 location = {San Francisco, California, USA},
 pages = {785--794},
 numpages = {10},
 url = {http://doi.acm.org/10.1145/2939672.2939785},
 doi = {10.1145/2939672.2939785},
 acmid = {2939785},
 publisher = {ACM},
 address = {New York, NY, USA},
 keywords = {large-scale machine learning},
}

@article{randomforest,
  title={Random forests},
  author={Breiman, Leo},
  journal={Machine learning},
  volume={45},
  pages={5--32},
  year={2001},
  publisher={Springer}
}

@article{randomforesttour,
  title={A random forest guided tour},
  author={Biau, G{\'e}rard and Scornet, Erwan},
  journal={Test},
  volume={25},
  pages={197--227},
  year={2016},
  publisher={Springer}
}

@article{domingos,
  title={On the optimality of the simple Bayesian classifier under zero-one loss},
  author={Domingos, Pedro and Pazzani, Michael},
  journal={Machine learning},
  volume={29},
  pages={103--130},
  year={1997},
  publisher={Springer}
}

@article{webb,
  title={Not so naive Bayes: aggregating one-dependence estimators},
  author={Webb, Geoffrey I and Boughton, Janice R and Wang, Zhihai},
  journal={Machine learning},
  volume={58},
  pages={5--24},
  year={2005},
  publisher={Springer}
}

@misc{ds1,
  author = {Jeff Sunil},
  title = {House Prices Intermediate},
  year = {2021},
  url = {https://www.kaggle.com/datasets/codingboss/house-prices-intermediate},
  note = {Accessed: 2023}
}

@misc{ds2,
  author = {Rashik Rahman},
  title = {Heart Attack Analysis \& Prediction Dataset},
  year = {2020},
  url = {https://www.kaggle.com/datasets/rashikrahmanpritom/heart-attack-analysis-prediction-dataset/},
  note = {Accessed: 2023}
}

@misc{ds3,
  author = {Joe Young},
  title = {Rain in Australia},
  year = {2020},
  url = {https://www.kaggle.com/datasets/jsphyg/weather-dataset-rattle-package},
  note = {Accessed: 2023}
}

@misc{ds4,
  author = {Ben Roshan},
  title = {Campus Recruitment},
  year = {2019},
  url = {https://www.kaggle.com/datasets/benroshan/factors-affecting-campus-placement/data},
  note = {Accessed: 2023}
}
